@article{alhroobSingleTopQuark,
  title = {Single Top Quark Production Cross Section Using the {{ATLAS}} Detector at the {{LHC}}},
  author = {Alhroob, Muhammad},
  doi = {10.22323/1.364.0658},
  langid = {english},
  file = {/Users/t-krishdesai/Zotero/storage/UM7XWRPH/Alhroob - Single top quark production cross section using the ATLAS detector at the LHC.pdf}
}

@article{ATLAS:2017dhr,
  title = {Measurement of Lepton Differential Distributions and the Top Quark Mass in \$\$t{\textbackslash}bar\{t\}\$\$production in Pp Collisions at \$\${\textbackslash}sqrt\{s\}=8\$\$~{{TeV}} with the {{ATLAS}} Detector},
  author = {Aaboud, M. and Aad, G. and Abbott, B. and Abdinov, O. and Abeloos, B. and Abidi, S. H. and AbouZeid, O. S. and Abraham, N. L. and Abramowicz, H. and Abreu, H. and Abreu, R. and Abulaiti, Y. and Acharya, B. S. and Adachi, S. and Adamczyk, L. and Adelman, J. and Adersberger, M. and Adye, T. and Affolder, A. A. and Afik, Y. and {Agatonovic-Jovin}, T. and Agheorghiesei, C. and {Aguilar-Saavedra}, J. A. and Ahlen, S. P. and Ahmadov, F. and Aielli, G. and Akatsuka, S. and Akerstedt, H. and {\AA}kesson, T. P. A. and Akilli, E. and Akimov, A. V. and Alberghi, G. L. and Albert, J. and Albicocco, P. and Alconada Verzini, M. J. and Alderweireldt, S. C. and Aleksa, M. and Aleksandrov, I. N. and Alexa, C. and Alexander, G. and Alexopoulos, T. and Alhroob, M. and Ali, B. and Aliev, M. and Alimonti, G. and Alison, J. and Alkire, S. P. and Allbrooke, B. M. M. and Allen, B. W. and Allport, P. P. and Aloisio, A. and Alonso, A. and Alonso, F. and Alpigiani, C. and Alshehri, A. A. and Alstaty, M. I. and Alvarez Gonzalez, B. and {\'A}lvarez Piqueras, D. and Alviggi, M. G. and Amadio, B. T. and Amaral Coutinho, Y. and Amelung, C. and Amidei, D. and Amor Dos Santos, S. P. and Amoroso, S. and Amundsen, G. and Anastopoulos, C. and Ancu, L. S. and Andari, N. and Andeen, T. and Anders, C. F. and Anders, J. K. and Anderson, K. J. and Andreazza, A. and Andrei, V. and Angelidakis, S. and Angelozzi, I. and Angerami, A. and Anisenkov, A. V. and Anjos, N. and Annovi, A. and Antel, C. and Antonelli, M. and Antonov, A. and Antrim, D. J. and Anulli, F. and Aoki, M. and Aperio Bella, L. and Arabidze, G. and Arai, Y. and Araque, J. P. and Araujo Ferraz, V. and Arce, A. T. H. and Ardell, R. E. and Arduh, F. A. and Arguin, J-F. and Argyropoulos, S. and Arik, M. and Armbruster, A. J. and Armitage, L. J. and Arnaez, O. and Arnold, H. and Arratia, M. and Arslan, O. and Artamonov, A. and Artoni, G. and Artz, S. and Asai, S. and Asbah, N. and Ashkenazi, A. and Asquith, L. and Assamagan, K. and Astalos, R. and Atkinson, M. and Atlay, N. B. and Augsten, K. and Avolio, G. and Axen, B. and Ayoub, M. K. and Azuelos, G. and Baas, A. E. and Baca, M. J. and Bachacou, H. and Bachas, K. and Backes, M. and Bagnaia, P. and Bahmani, M. and Bahrasemani, H. and Baines, J. T. and Bajic, M. and Baker, O. K. and Bakker, P. J. and Baldin, E. M. and Balek, P. and Balli, F. and Balunas, W. K. and Banas, E. and Bandyopadhyay, A. and Banerjee, {\relax Sw}. and Bannoura, A. A. E. and Barak, L. and Barberio, E. L. and Barberis, D. and Barbero, M. and Barillari, T. and Barisits, M-S and Barkeloo, J. T. and Barklow, T. and Barlow, N. and Barnes, S. L. and Barnett, B. M. and Barnett, R. M. and {Barnovska-Blenessy}, Z. and Baroncelli, A. and Barone, G. and Barr, A. J. and Barranco Navarro, L. and Barreiro, F. and {Barreiro Guimar{\~a}es da Costa}, J. and Bartoldus, R. and Barton, A. E. and Bartos, P. and Basalaev, A. and Bassalat, A. and Bates, R. L. and Batista, S. J. and Batley, J. R. and Battaglia, M. and Bauce, M. and Bauer, F. and Bawa, H. S. and Beacham, J. B. and Beattie, M. D. and Beau, T. and Beauchemin, P. H. and Bechtle, P. and Beck, H. P. and Beck, H. C. and Becker, K. and Becker, M. and Becot, C. and Beddall, A. J. and Beddall, A. and Bednyakov, V. A. and Bedognetti, M. and Bee, C. P. and Beermann, T. A. and Begalli, M. and Begel, M. and Behr, J. K. and Bell, A. S. and Bella, G. and Bellagamba, L. and Bellerive, A. and Bellomo, M. and Belotskiy, K. and Beltramello, O. and Belyaev, N. L. and Benary, O. and Benchekroun, D. and Bender, M. and Benekos, N. and Benhammou, Y. and Benhar Noccioli, E. and Benitez, J. and Benjamin, D. P. and Benoit, M. and Bensinger, J. R. and Bentvelsen, S. and Beresford, L. and Beretta, M. and Berge, D. and Bergeaas Kuutmann, E. and Berger, N. and Beringer, J. and Berlendis, S. and Bernard, N. R. and Bernardi, G. and Bernius, C. and Bernlochner, F. U. and Berry, T. and Berta, P. and Bertella, C. and Bertoli, G. and Bertram, I. A. and Bertsche, C. and Bertsche, D. and Besjes, G. J. and Bessidskaia Bylund, O. and Bessner, M. and Besson, N. and Bethani, A. and Bethke, S. and Betti, A. and Bevan, A. J. and Beyer, J. and Bianchi, R. M. and Biebel, O. and Biedermann, D. and Bielski, R. and Bierwagen, K. and Biesuz, N. V. and Biglietti, M. and Billoud, T. R. V. and Bilokon, H. and Bindi, M. and Bingul, A. and Bini, C. and Biondi, S. and Bisanz, T. and Bittrich, C. and Bjergaard, D. M. and Black, J. E. and Black, K. M. and Blair, R. E. and Blazek, T. and Bloch, I. and Blocker, C. and Blue, A. and Blumenschein, U. and Blunier, S. and Bobbink, G. J. and Bobrovnikov, V. S. and Bocchetta, S. S. and Bocci, A. and Bock, C. and Boehler, M. and Boerner, D. and Bogavac, D. and Bogdanchikov, A. G. and Bohm, C. and Boisvert, V. and Bokan, P. and Bold, T. and Boldyrev, A. S. and Bolz, A. E. and Bomben, M. and Bona, M. and Boonekamp, M. and Borisov, A. and Borissov, G. and Bortfeldt, J. and Bortoletto, D. and Bortolotto, V. and Boscherini, D. and Bosman, M. and Bossio Sola, J. D. and Boudreau, J. and {Bouhova-Thacker}, E. V. and Boumediene, D. and Bourdarios, C. and Boutle, S. K. and Boveia, A. and Boyd, J. and Boyko, I. R. and Bozson, A. J. and Bracinik, J. and Brandt, A. and Brandt, G. and Brandt, O.},
  year = {2017},
  month = nov,
  journal = {The European Physical Journal C},
  volume = {77},
  number = {11},
  eprint = {1709.09407},
  primaryclass = {hep-ex},
  pages = {804},
  issn = {1434-6052},
  doi = {10.1140/epjc/s10052-017-5349-9},
  urldate = {2025-07-19},
  abstract = {This paper presents single lepton and dilepton kinematic distributions measured in dileptonic \$t{\textbackslash}bar\{t\}\$ events produced in 20.2 fb\${\textasciicircum}\{-1\}\$ of \${\textbackslash}sqrt\{s\}=8\$ TeV \$pp\$ collisions recorded by the ATLAS experiment at the LHC. Both absolute and normalised differential cross-sections are measured, using events with an opposite-charge \$e{\textbackslash}mu\$ pair and one or two \$b\$-tagged jets. The cross-sections are measured in a fiducial region corresponding to the detector acceptance for leptons, and are compared to the predictions from a variety of Monte Carlo event generators, as well as fixed-order QCD calculations, exploring the sensitivity of the cross-sections to the gluon parton distribution function. Some of the distributions are also sensitive to the top quark pole mass; a combined fit of NLO fixed-order predictions to all the measured distributions yields a top quark mass value of \$m\_t{\textasciicircum}\{{\textbackslash}rm pole\}=173.2{\textbackslash}pm 0.9{\textbackslash}pm0.8{\textbackslash}pm1.2\$ GeV, where the three uncertainties arise from data statistics, experimental systematics, and theoretical sources.},
  archiveprefix = {arXiv},
  collaboration = {ATLAS},
  langid = {english},
  keywords = {Accelerator Physics,Experimental Nuclear Physics,Experimental Particle Physics,Nuclear and Particle Physics,Particle Physics,Theoretical Particle Physics},
  annotation = {95 citations (INSPIRE 2025/7/19)\\
34 citations w/o self (INSPIRE 2025/7/19)\\
Citations: 22 (Crossref) [2025-07-19]\\
Citations: 14 (SemanticScholar) [2025-07-19]}
}

@article{Benato:2025rgo,
  title = {Unbinned Inclusive Cross-Section Measurements with Machine-Learned Systematic Uncertainties},
  author = {Benato, Lisa and Giordano, Cristina and Krause, Claudius and Li, Ang and Sch{\"o}fbeck, Robert and Schwarz, Dennis and Shooshtari, Maryam and Wang, Daohan},
  year = {2025},
  month = may,
  eprint = {2505.05544},
  primaryclass = {hep-ph},
  doi = {10.48550/arXiv.2505.05544},
  urldate = {2025-07-19},
  abstract = {We introduce a novel methodology for addressing systematic uncertainties in unbinned inclusive cross-section measurements and related collider-based inference problems. Our approach incorporates known analytic dependencies on parameters of interest, including signal strengths and nuisance parameters. When these dependencies are unknown, as is frequently the case for systematic uncertainties, dedicated neural network parametrizations provide an approximation that is trained on simulated data. The resulting machine-learned surrogate captures the complete parameter dependence of the likelihood ratio, providing a near-optimal test statistic. As a case study, we perform a first-principles inclusive cross-section measurement of \${\textbackslash}textrm\{H\}{\textbackslash}rightarrow{\textbackslash}tau{\textbackslash}tau\$ in the single-lepton channel, utilizing simulated data from the FAIR Universe Higgs Uncertainty Challenge. Results in Asimov data, from large-scale toy studies, and using the Fisher information demonstrate significant improvements over traditional binned methods. Our computer code ``Guaranteed Optimal Log-Likelihood-based Unbinned Method'' (GOLLUM) for machine-learning and inference is publicly available.},
  archiveprefix = {arXiv},
  keywords = {High Energy Physics - Experiment,High Energy Physics - Phenomenology,Physics - Data Analysis Statistics and Probability},
  annotation = {0 citations (INSPIRE 2025/7/19)\\
0 citations w/o self (INSPIRE 2025/7/19)\\
Citations: 0 (SemanticScholar) [2025-07-19]}
}

@article{GomezAmbrosio:2022mpm,
  title = {Unbinned Multivariate Observables for Global {{SMEFT}} Analyses from Machine Learning},
  author = {Ambrosio, Raquel Gomez and {ter Hoeve}, Jaco and Madigan, Maeve and Rojo, Juan and Sanz, Veronica},
  year = {2023},
  month = mar,
  journal = {Journal of High Energy Physics},
  volume = {03},
  number = {3},
  eprint = {2211.02058},
  primaryclass = {hep-ph},
  pages = {033},
  issn = {1029-8479},
  doi = {10.1007/JHEP03(2023)033},
  urldate = {2025-07-19},
  abstract = {Theoretical interpretations of particle physics data, such as the determination of the Wilson coefficients of the Standard Model Effective Field Theory (SMEFT), often involve the inference of multiple parameters from a global dataset. Optimizing such interpretations requires the identification of observables that exhibit the highest possible sensitivity to the underlying theory parameters. In this work we develop a flexible open source framework, ML4EFT, enabling the integration of unbinned multivariate observables into global SMEFT fits. As compared to traditional measurements, such observables enhance the sensitivity to the theory parameters by preventing the information loss incurred when binning in a subset of final-state kinematic variables. Our strategy combines machine learning regression and classification techniques to parameterize high-dimensional likelihood ratios, using the Monte Carlo replica method to estimate and propagate methodological uncertainties. As a proof of concept we construct unbinned multivariate observables for top-quark pair and Higgs+\$Z\$ production at the LHC, demonstrate their impact on the SMEFT parameter space as compared to binned measurements, and study the improved constraints associated to multivariate inputs. Since the number of neural networks to be trained scales quadratically with the number of parameters and can be fully parallelized, the ML4EFT framework is well-suited to construct unbinned multivariate observables which depend on up to tens of EFT coefficients, as required in global fits.},
  archiveprefix = {arXiv},
  langid = {english},
  keywords = {Data-driven Science Modeling and Theory Building,Higgs Properties,Machine Learning,Model Theory,Particle Physics,SMEFT,String Theory,Theoretical Particle Physics},
  annotation = {26 citations (INSPIRE 2025/7/19)\\
18 citations w/o self (INSPIRE 2025/7/19)\\
Citations: 13 (Crossref) [2025-07-19]\\
Citations: 17 (SemanticScholar) [2025-07-19]}
}

@article{stoneGeneralizedWeierstrassApproximation1948,
  title = {The {{Generalized Weierstrass Approximation Theorem}}},
  author = {Stone, M. H.},
  year = {1948},
  journal = {Mathematics Magazine},
  volume = {21},
  number = {4},
  eprint = {3029750},
  eprinttype = {jstor},
  pages = {167--184},
  publisher = {[Mathematical Association of America, Taylor \& Francis, Ltd.]},
  issn = {0025-570X},
  doi = {10.2307/3029750},
  urldate = {2025-07-19},
  annotation = {Citations: 231 (Crossref) [2025-07-19]}
}

@book{taylorMethodusIncrementorumDirecta1715,
  title = {{Methodus incrementorum directa \& inversa. Auctore Brook Taylor, LL. D. \& Regiae Societatis Secretario.}},
  author = {Taylor, Brook},
  year = {1715},
  publisher = {typis Pearsonianis: prostant apud Gul. Innys ad Insignia Principis in Coemeterio Paulino},
  address = {Londini},
  langid = {lat},
  keywords = {Calculus,Difference equations,Series Taylor's}
}

@book{weierstrassUeberAnalytischeDarstellbarkeit1885,
  title = {{{\"U}ber die analytische Darstellbarkeit sogenannter willk{\"u}rlicher Functionen einer reellen Ver{\"a}nderlichen}},
  author = {Weierstra{\ss}, Karl},
  year = {1885},
  series = {{Sitzungsberichte der Preussischen Akademie der Wissenschaften Jg. 1885, 34 ; Jg. 1885, 38}},
  publisher = {:},
  address = {Berlin},
  langid = {german},
  lccn = {-}
}
